
@book{nijmeijer_nonlinear_1990,
	address = {New York, NY},
	author = {Nijmeijer, Henk and Van Der Schaft, Arjan},
	copyright = {http://www.springer.com/tdm},
	doi = {10.1007/978-1-4757-2101-0},
	file = {Submitted Version:/Users/vipulsinghal/Zotero/storage/ZW46NG5Y/Nijmeijer and Van Der Schaft - 1990 - Nonlinear Dynamical Control Systems.pdf:application/pdf},
	isbn = {978-1-4757-2102-7 978-1-4757-2101-0},
	keywords = {algorithm, algorithms, applied mathematics, complexity, control, control system, control theory, feedback, nonlinear control, Nonlinear system, stability, stabilization, transformation},
	language = {en},
	publisher = {Springer},
	title = {Nonlinear {Dynamical} {Control} {Systems}},
	url = {http://link.springer.com/10.1007/978-1-4757-2101-0},
	urldate = {2024-06-16},
	year = {1990},
	bdsk-url-1 = {http://link.springer.com/10.1007/978-1-4757-2101-0},
	bdsk-url-2 = {https://doi.org/10.1007/978-1-4757-2101-0}}


@book{boothby_2002,
	abstract = {The second edition of An Introduction to Differentiable Manifolds and Riemannian Geometry, Revised has sold over 6,000 copies since publication},
	author = {Boothby, WIlliam M.},
	date-modified = {2024-06-23 01:12:26 +0800},
	file = {Snapshot:/Users/vipulsinghal/Zotero/storage/ZG4AX6PL/978-0-08-057475-2.html:text/html},
	isbn = {978-0-08-057475-2},
	language = {en-US},
	month = aug,
	title = {An {Introduction} to {Differentiable} {Manifolds} and {Riemannian} {Geometry}, {Revised}},
	url = {https://shop.elsevier.com/books/an-introduction-to-differentiable-manifolds-and-riemannian-geometry-revised/boothby/978-0-08-057475-2},
	urldate = {2024-06-22},
	year = {2002},
	bdsk-url-1 = {https://shop.elsevier.com/books/an-introduction-to-differentiable-manifolds-and-riemannian-geometry-revised/boothby/978-0-08-057475-2}}


@book{abraham_manifolds_1988,
	address = {New York, NY},
	author = {Abraham, Ralph and Marsden, Jerrold E. and Ratiu, Tudor},
	copyright = {http://www.springer.com/tdm},
	doi = {10.1007/978-1-4612-1029-0},
	file = {Full Text:/Users/vipulsinghal/Zotero/storage/N4Z2JMJD/Abraham et al. - 1988 - Manifolds, Tensor Analysis, and Applications.pdf:application/pdf},
	isbn = {978-1-4612-6990-8 978-1-4612-1029-0},
	keywords = {calculus, compactness, Derivative, Electromagnetism, exterior derivative, Hodge star operator, Implicit function, manifold, Riemannian geometry},
	publisher = {Springer},
	series = {Applied {Mathematical} {Sciences}},
	title = {Manifolds, {Tensor} {Analysis}, and {Applications}},
	url = {http://link.springer.com/10.1007/978-1-4612-1029-0},
	urldate = {2024-08-20},
	volume = {75},
	year = {1988},
	bdsk-url-1 = {http://link.springer.com/10.1007/978-1-4612-1029-0},
	bdsk-url-2 = {https://doi.org/10.1007/978-1-4612-1029-0}}

